<?xml version="1.0" encoding="UTF-8"?><collection xmlns="http://www.loc.gov/MARC21/slim"><record><leader>00423nam--2200133-i-4500</leader><controlfield tag="001">000039713</controlfield><controlfield tag="002">20161230</controlfield><controlfield tag="005">20161230201042</controlfield><controlfield tag="008">060222s1000------------r-----000-0-eng-d</controlfield><datafield ind1=" " ind2=" " tag="080"><subfield code="a">621.3.027.3(021)=3</subfield></datafield><datafield ind1=" " ind2=" " tag="100"><subfield code="a">Roth, Arnold., Imhof, Alfred</subfield></datafield><datafield ind1=" " ind2=" " tag="245"><subfield code="a">Hochspannungstechnik. herausgegeben ... prof.imhof alfred. mit 734 abbild. text sowie 98 zahlentafeln</subfield></datafield><datafield ind1=" " ind2=" " tag="260"><subfield code="a">Wien, Springer-verlag, 1950, Ix + 704p</subfield></datafield><datafield ind1=" " ind2=" " tag="852"><subfield code="a">1121</subfield></datafield></record></collection>